@article{Kapanidis_2006,
  doi = {10.1126/science.1131399},
  url = {http://dx.doi.org/10.1126/science.1131399},
  year = {2006},
  month = {nov},
  publisher = {American Association for the Advancement of Science ({AAAS})},
  volume = {314},
  number = {5802},
  pages = {1144--1147},
  author = {A. N. Kapanidis and E. Margeat and S. O. Ho and E. Kortkhonjia and S. Weiss and R. H. Ebright},
  title = {{Initial Transcription by {RNA} Polymerase Proceeds Through a {DNA}-Scrunching Mechanism}},
  journal = {Science},
}


@article{Shen_2014,
  doi = {10.1038/515151a},
  url = {http://dx.doi.org/10.1038/515151a},
  year = {2014},
  month = {nov},
  publisher = {Nature Publishing Group},
  volume = {515},
  number = {7525},
  pages = {151--152},
  author = {Helen Shen},
  title = {{Interactive notebooks: Sharing the code}},
  journal = {Nature},
}
